<?xml version="1.0" encoding="UTF-8"?><record xmlns="http://www.loc.gov/MARC21/slim" xmlns:cinclude="http://apache.org/cocoon/include/1.0" xmlns:zs="http://www.loc.gov/zing/srw/">
  <leader>00670cz  a2200145n  4500</leader>
  <controlfield tag="001">n  93062306 </controlfield>
  <controlfield tag="003">DLC</controlfield>
  <controlfield tag="005">19980417144605.0</controlfield>
  <controlfield tag="008">930630n| acannaab|          |a ana |||  </controlfield>
  <datafield tag="010" ind1=" " ind2=" ">
    <subfield code="a">n  93062306 </subfield>
  </datafield>
  <datafield tag="040" ind1=" " ind2=" ">
    <subfield code="a">DLC</subfield>
    <subfield code="c">DLC</subfield>
    <subfield code="d">DLC</subfield>
  </datafield>
  <datafield tag="110" ind1="2" ind2="0">
    <subfield code="a">Magadanskiĭ gosudarstvennyĭ pedagogicheskiĭ institut</subfield>
  </datafield>
  <datafield tag="510" ind1="2" ind2="0">
    <subfield code="w">b</subfield>
    <subfield code="a">Mezhdunarodnyĭ pedagogicheskiĭ universitet (Magadan, Russia)</subfield>
  </datafield>
  <datafield tag="670" ind1=" " ind2=" ">
    <subfield code="a">Istorii︠a︡ Magadanskoĭ oblasti s nachala XX veka po 1937 god, 1991:</subfield>
    <subfield code="b">t.p. (Magadanskiĭ gosudarstvennyĭ pedagogicheskiĭ institut)</subfield>
  </datafield>
  <datafield tag="675" ind1=" " ind2=" ">
    <subfield code="a">Idei, gipotezy, poisk--, 1996- : v. 3, pt. 1, t.p. (Mezhdunarodnyĭ pedagogicheskiĭ universitet) colophon (located in Magadan)</subfield>
  </datafield>
</record>